@article{Botev_2010,
   title={Kernel density estimation via diffusion},
   volume={38},
   ISSN={0090-5364},
   url={http://dx.doi.org/10.1214/10-AOS799},
   DOI={10.1214/10-aos799},
   number={5},
   journal={The Annals of Statistics},
   publisher={Institute of Mathematical Statistics},
   author={Botev, Z. I. and Grotowski, J. F. and Kroese, D. P.},
   year={2010},
   month={Oct}
}
@INPROCEEDINGS{7761150,
  author={Eckert-Gallup, Aubrey and Martin, Nevin},
  booktitle={OCEANS 2016 MTS/IEEE Monterey},
  title={Kernel density estimation (KDE) with adaptive bandwidth selection for environmental contours of extreme sea states},
  year={2016},
  volume={},
  number={},
  pages={1-5},
  doi={10.1109/OCEANS.2016.7761150}
}
@article{Cranmer_2001,
   title={Kernel estimation in high-energy physics},
   volume={136},
   ISSN={0010-4655},
   url={http://dx.doi.org/10.1016/S0010-4655(00)00243-5},
   DOI={10.1016/s0010-4655(00)00243-5},
   number={3},
   journal={Computer Physics Communications},
   publisher={Elsevier BV},
   author={Cranmer, Kyle},
   year={2001},
   month={May},
   pages={198â€“207}
}
