@article{alfven:1942,
   author = {H. Alfvén},
   title = {{Existence of Electromagnetic-Hydrodynamic Waves}},
   year = 1942,
   journal = {Nature},
   volume = 150,
   number = 3805,
   pages = {405–406},
   doi = {10.1038/150405d0}
}
