@article{verboven2002frequency,
  title={Frequency-domain system identification for modal analysis},
  author={Verboven, Peter},
  journal={Vrije Universiteit Brussel, Brussels},
  year={2002}
}

@inproceedings{verboven2003stabilization,
  title={Stabilization charts and uncertainty bounds for frequency-domain linear least squares estimators},
  author={Verboven, Peter and Guillaume, Patrick and Cauberghe, Bart and Parloo, Eli and Vanlanduit, Steve},
  booktitle={Proceedings of the IMAC-XXI Conference and Exposition on Structural Dynamics, Feb},
  pages={3--6},
  year={2003}
}

@inproceedings{guillaume2003poly,
  title={A poly-reference implementation of the least-squares complex frequency-domain estimator},
  author={Guillaume, Patrick and Verboven, Peter and Vanlanduit, Steve and Van Der Auweraer, Herman and Peeters, Bart},
  booktitle={Proceedings of IMAC},
  volume={21},
  pages={183--192},
  year={2003},
  organization={A Conference \& Exposition on Structural Dynamics, Society for Experimental~â€¦}
}