@article{arnoldElectrostaticsPeriodicSlab2002,
  title = {Electrostatics in Periodic Slab Geometries. {{I}}},
  author = {Arnold, Axel and {de Joannis}, Jason and Holm, Christian},
  year = {2002},
  month = jul,
  journal = {The Journal of Chemical Physics},
  volume = {117},
  number = {6},
  pages = {2496--2502},
  issn = {0021-9606},
  doi = {10.1063/1.1491955}
}

@article{bonthuisProfileStaticPermittivity2012,
  title = {Profile of the {{Static Permittivity Tensor}} of {{Water}} at {{Interfaces}}: {{Consequences}} for {{Capacitance}}, {{Hydration Interaction}} and {{Ion Adsorption}}},
  shorttitle = {Profile of the {{Static Permittivity Tensor}} of {{Water}} at {{Interfaces}}},
  author = {Bonthuis, Douwe Jan and Gekle, Stephan and Netz, Roland R.},
  year = {2012},
  journal = {Langmuir},
  volume = {28},
  number = {20},
  pages = {7679--7694},
  issn = {0743-7463},
  doi = {10.1021/la2051564}
}

@article{carlsonExploringAbsorptionSpectrum2020,
  title = {Exploring the {{Absorption Spectrum}} of {{Simulated Water}} from {{MHz}} to {{Infrared}}},
  author = {Carlson, Shane and Br{\"u}nig, Florian N. and Loche, Philip and Bonthuis, Douwe Jan and Netz, Roland R.},
  year = {2020},
  month = jul,
  journal = {J. Phys. Chem. A},
  volume = {124},
  number = {27},
  pages = {5599--5605},
  publisher = {{American Chemical Society}},
  issn = {1089-5639},
  doi = {10.1021/acs.jpca.0c04063}
}

@article{elgabartyEnergyTransferHydrogen2020,
  title = {Energy Transfer within the Hydrogen Bonding Network of Water Following Resonant Terahertz Excitation},
  author = {Elgabarty, Hossam and Kampfrath, Tobias and Bonthuis, Douwe Jan and Balos, Vasileios and Kaliannan, Naveen Kumar and Loche, Philip and Netz, Roland R. and Wolf, Martin and K{\"u}hne, Thomas D. and Sajadi, Mohsen},
  year = {2020},
  month = apr,
  journal = {Science Advances},
  volume = {6},
  number = {17},
  pages = {eaay7074},
  publisher = {{American Association for the Advancement of Science}},
  doi = {10.1126/sciadv.aay7074}
}

@article{kirkwoodDielectricPolarizationPolar1939,
  title = {The {{Dielectric Polarization}} of {{Polar Liquids}}},
  author = {Kirkwood, John G.},
  year = {1939},
  month = oct,
  journal = {J. Chem. Phys.},
  volume = {7},
  number = {10},
  pages = {911--919},
  publisher = {{American Institute of Physics}},
  issn = {0021-9606},
  doi = {10.1063/1.1750343}
}

@article{locheGiantAxialDielectric2019,
  title = {Giant {{Axial Dielectric Response}} in {{Water-Filled Nanotubes}} and {{Effective Electrostatic Ion}}\textendash{{Ion Interactions}} from a {{Tensorial Dielectric Model}}},
  author = {Loche, Philip and Ayaz, Cihan and Schlaich, Alexander and Uematsu, Yuki and Netz, Roland R.},
  year = {2019},
  month = dec,
  journal = {J. Phys. Chem. B},
  volume = {123},
  number = {50},
  pages = {10850--10857},
  publisher = {{American Chemical Society}},
  issn = {1520-6106},
  doi = {10.1021/acs.jpcb.9b09269}
}

@article{locheUniversalNonuniversalAspects2020,
  title = {Universal and {{Nonuniversal Aspects}} of {{Electrostatics}} in {{Aqueous Nanoconfinement}}},
  author = {Loche, Philip and Ayaz, Cihan and {Wolde-Kidan}, Amanuel and Schlaich, Alexander and Netz, Roland R.},
  year = {2020},
  month = may,
  journal = {J. Phys. Chem. B},
  volume = {124},
  number = {21},
  pages = {4365--4371},
  publisher = {{American Chemical Society}},
  issn = {1520-6106},
  doi = {10.1021/acs.jpcb.0c01967}
}

@book{princeInternationalTablesCrystallography2004,
  title = {International {{Tables}} for {{Crystallography}},{{Volume C}}: {{Mathematical}}, {{Physical}} and {{Chemical Tables}}},
  shorttitle = {International {{Tables}} for {{Crystallography}},{{Volume C}}},
  author = {Prince, E.},
  year = {2004},
  month = jan,
  edition = {3rd ed. edition},
  publisher = {{Springer}},
  address = {{Dordrecht}},
  isbn = {978-1-4020-1900-5},
  langid = {english}
}

@article{schaafDielectricResponseWater2015,
  title = {Dielectric Response of the Water Hydration Layer around Spherical Solutes},
  author = {Schaaf, Christian and Gekle, Stephan},
  year = {2015},
  month = sep,
  journal = {Phys. Rev. E},
  volume = {92},
  number = {3},
  pages = {032718},
  doi = {10.1103/PhysRevE.92.032718}
}

@article{schlaichWaterDielectricEffects2016,
  title = {Water {{Dielectric Effects}} in {{Planar Confinement}}},
  author = {Schlaich, Alexander and Knapp, Ernst W. and Netz, Roland R.},
  year = {2016},
  month = jul,
  journal = {Phys. Rev. Lett.},
  volume = {117},
  number = {4},
  pages = {048001},
  doi = {10.1103/PhysRevLett.117.048001}
}

@article{sternCalculationDielectricPermittivity2003,
  title = {Calculation of the Dielectric Permittivity Profile for a Nonuniform System: {{Application}} to a Lipid Bilayer Simulation},
  shorttitle = {Calculation of the Dielectric Permittivity Profile for a Nonuniform System},
  author = {Stern, Harry A. and Feller, Scott E.},
  year = {2003},
  month = feb,
  journal = {The Journal of Chemical Physics},
  volume = {118},
  number = {7},
  pages = {3401--3412},
  issn = {0021-9606, 1089-7690},
  doi = {10.1063/1.1537244}
}

@article{yehEwaldSummationSystems1999,
  title = {Ewald Summation for Systems with Slab Geometry},
  author = {Yeh, In-Chul and Berkowitz, Max L.},
  year = {1999},
  month = aug,
  journal = {The Journal of Chemical Physics},
  volume = {111},
  number = {7},
  pages = {3155--3162},
  issn = {0021-9606, 1089-7690},
  doi = {10.1063/1.479595}
}

@article{UnderstandingChemicalPotential,
  title = {Understanding the chemical potential},
  author = {G. Cook and R.H. Dickerson},
  year = {1995},
  journal = {American Journal of Physics},
  volume = {63},
  number = {737},
  doi = {10.1119/1.17844}
}

@article{choderaWeightedHistogramAnalysis2007,
  title = {Use of the {{Weighted Histogram Analysis Method}} for the {{Analysis}} of {{Simulated}} and {{Parallel Tempering Simulations}}},
  author = {Chodera, John D. and Swope, William C. and Pitera, Jed W. and Seok, Chaok and Dill, Ken A.},
  year = {2007},
  journal = {J. Chem. Theory Comput.},
  publisher = {{American Chemical Society}},
  doi = {10.1021/ct0502864},
  urldate = {2022-02-03}
}

@article{bai_calculating_2008,
	title = {Calculating {Center} of {Mass} in an {Unbounded} {2D} {Environment}},
	volume = {13},
	issn = {1086-7651},
	doi = {10.1080/2151237X.2008.10129266},
	number = {4},
	journal = {Journal of Graphics Tools},
	author = {Bai, Linge and Breen, David},
	month = jan,
	year = {2008},
	pages = {53--60},
}


@misc{sokalLecture,
  title = {Monte {{Carlo Methods}} in {{Statistical Mechanics}}: {{Foundations}} and {{New Algorithms}}, Lecture Notes},
  author = {Sokal, A.D.}
}

@article{sedlmeier_spatial_2011,
  title = {Spatial {{Correlations}} of {{Density}} and {{Structural Fluctuations}} in {{Liquid Water}}: {{A Comparative Simulation Study}}},
  shorttitle = {Spatial {{Correlations}} of {{Density}} and {{Structural Fluctuations}} in {{Liquid Water}}},
  author = {Sedlmeier, Felix and Horinek, Dominik and Netz, Roland R.},
  year = {2011},
  month = feb,
  journal = {J. Am. Chem. Soc.},
  volume = {133},
  number = {5},
  pages = {1391--1398},
  issn = {0002-7863},
  doi = {10.1021/ja1064137},
}

@book{hansen_theory_2006,
  title = {Theory of Simple Liquids},
  author = {Hansen, Jean-Pierre and McDonald, Ian. R.},
  year = {2006},
  edition = {3rd ed},
  publisher = {{Elsevier / Academic Press}},
  isbn = {9780080455075},
  langid = {english},
}

@article{zeman_ionic_2021,
  title = {Ionic Screening in Bulk and under Confinement},
  author = {Zeman, Johannes and Kondrat, Svyatoslav and Holm, Christian},
  year = {2021},
  month = nov,
  journal = {The Journal of Chemical Physics},
  volume = {155},
  number = {20},
  pages = {204501},
  issn = {0021-9606},
  doi = {10.1063/5.0069340},
  urldate = {2023-11-03},
}

@article{drigo_seebeck_2023,
  title = {Seebeck {{Coefficient}} of {{Liquid Water}} from {{Equilibrium Molecular Dynamics}}},
  author = {Drigo, Enrico and Baroni, Stefano},
  year = {2023},
  month = dec,
  journal = {J. Chem. Theory Comput.},
  volume = {19},
  number = {23},
  pages = {8855--8860},
  publisher = {{American Chemical Society}},
  issn = {1549-9618},
  doi = {10.1021/acs.jctc.3c00760},
  urldate = {2024-02-13},
}

@article{zhang_computing_2016,
  title = {Computing the {{Kirkwood}} G-{{Factor}} by {{Combining Constant Maxwell Electric Field}} and {{Electric Displacement Simulations}}: {{Application}} to the {{Dielectric Constant}} of {{Liquid Water}}},
  shorttitle = {Computing the {{Kirkwood}} G-{{Factor}} by {{Combining Constant Maxwell Electric Field}} and {{Electric Displacement Simulations}}},
  author = {Zhang, Chao and Hutter, J{\"u}rg and Sprik, Michiel},
  year = {2016},
  month = jul,
  journal = {J. Phys. Chem. Lett.},
  volume = {7},
  number = {14},
  pages = {2696--2701},
  publisher = {{American Chemical Society}},
  doi = {10.1021/acs.jpclett.6b01127},
  urldate = {2023-11-17},
}

@article{zhang_dipolar_2014,
  title = {Dipolar Correlations in Liquid Water},
  author = {Zhang, Cui and Galli, Giulia},
  year = {2014},
  month = aug,
  journal = {The Journal of Chemical Physics},
  volume = {141},
  number = {8},
  pages = {084504},
  issn = {0021-9606},
  doi = {10.1063/1.4893638},
  urldate = {2023-08-09},
}

@article{vega_simulating_2011,
  title = {Simulating Water with Rigid Non-Polarizable Models: A General Perspective},
  shorttitle = {Simulating Water with Rigid Non-Polarizable Models},
  author = {Vega, Carlos and Abascal, Jose L. F.},
  year = {2011},
  month = nov,
  journal = {Phys. Chem. Chem. Phys.},
  volume = {13},
  number = {44},
  pages = {19663--19688},
  issn = {1463-9084},
  doi = {10.1039/C1CP22168J},
  urldate = {2019-02-09},
  langid = {english}
}

@article{neumann_dipole_1983,
  title = {Dipole Moment Fluctuation Formulas in Computer Simulations of Polar Systems},
  author = {Neumann, Martin},
  year = {1983},
  month = nov,
  journal = {Molecular Physics},
  volume = {50},
  number = {4},
  pages = {841--858},
  doi = {10.1080/00268978300102721},
  langid = {english}
}

@book{frohlich_theory_1958,
  title = {Theory of {{Dielectrics}}: {{Dielectric Constant}} and {{Dielectric Loss}}},
  author = {Fr{\"o}hlich, H.},
  year = {1958},
  series = {Monographs on the Physics and Chemistry of Materials},
  edition = {2},
  publisher = {{Oxford University Press}}
}

@article{caillol_asymptotic_1992,
  title = {Asymptotic Behavior of the Pair-correlation Function of a Polar Liquid},
  author = {Caillol, J. M.},
  year = {1992},
  month = may,
  journal = {The Journal of Chemical Physics},
  volume = {96},
  number = {9},
  pages = {7039--7053},
  issn = {0021-9606},
  doi = {10.1063/1.462536},
  urldate = {2023-11-09}
}
