
@ARTICLE{Kempton23,
       author = {{Kempton}, Eliza M. -R. and {Lessard}, Madeline and {Malik}, Matej and {Rogers}, Leslie A. and {Futrowsky}, Kate E. and {Ih}, Jegug and {Marounina}, Nadejda and {Romero-Mirza}, Carlos E.},
        title = {Where are the Water Worlds?: Self-consistent Models of Water-rich Exoplanet Atmospheres},
      journal = {The Astrophysical Journal},
     keywords = {Exoplanet atmospheres, Exoplanet astronomy, Exoplanets, Mini Neptunes, Radiative transfer, 487, 486, 498, 1063, 1335, Astrophysics - Earth and Planetary Astrophysics},
         year = 2023,
        month = aug,
       volume = {953},
       number = {1},
          eid = {57},
        pages = {57},
          doi = {10.3847/1538-4357/ace10d},
archivePrefix = {arXiv},
       eprint = {2307.06508},
 primaryClass = {astro-ph.EP},
       adsurl = {https://ui.adsabs.harvard.edu/abs/2023ApJ...953...57K},
      adsnote = {Provided by the SAO/NASA Astrophysics Data System}
}




@ARTICLE{Jorgensen24,
       author = {{J{\o}rgensen}, Uffe G. and {Amadio}, Flavia and {Campos Estrada}, Beatriz and {M{\o}ller}, Kristian Holten and {Schneider}, Aaron D. and {Balduin}, Thorsten and {D'Alessandro}, Azzurra and {Symeonidou}, Eftychia and {Helling}, Christiane and {Nordlund}, {\r{A}}ke and {Woitke}, Peter},
        title = "{A grid of self-consistent MSG (MARCS-StaticWeather-GGchem) cool stellar, sub-stellar, and exoplanetary model atmospheres}",
      journal = {Astronomy \& Astrophysics},
     keywords = {molecular data, opacity, stars: atmospheres, stars: late-type, stars: low-mass, Astrophysics - Earth and Planetary Astrophysics, Astrophysics - Instrumentation and Methods for Astrophysics, Astrophysics - Solar and Stellar Astrophysics},
         year = 2024,
        month = oct,
       volume = {690},
          eid = {A127},
        pages = {A127},
          doi = {10.1051/0004-6361/202450108},
archivePrefix = {arXiv},
       eprint = {2407.09397},
 primaryClass = {astro-ph.EP},
       adsurl = {https://ui.adsabs.harvard.edu/abs/2024A&A...690A.127J},
      adsnote = {Provided by the SAO/NASA Astrophysics Data System}
}



@ARTICLE{Roth24,
       author = {{Roth}, Alexander and {Parmentier}, Vivien and {Hammond}, Mark},
        title = "{Hot Jupiter diversity and the onset of TiO/VO revealed by a large grid of non-grey global circulation models}",
      journal = {Monthly Notices of the Royal Astronomical Society},
     keywords = {Astrophysics - Earth and Planetary Astrophysics},
         year = 2024,
        month = jun,
       volume = {531},
       number = {1},
        pages = {1056-1083},
          doi = {10.1093/mnras/stae984},
archivePrefix = {arXiv},
       eprint = {2404.09626},
 primaryClass = {astro-ph.EP},
       adsurl = {https://ui.adsabs.harvard.edu/abs/2024MNRAS.531.1056R},
      adsnote = {Provided by the SAO/NASA Astrophysics Data System}
}



@ARTICLE{charnay18,
       author = {{Charnay}, B. and {B{\'e}zard}, B. and {Baudino}, J. -L. and {Bonnefoy}, M. and {Boccaletti}, A. and {Galicher}, R.},
        title = {A Self-consistent Cloud Model for Brown Dwarfs and Young Giant Exoplanets: Comparison with Photometric and Spectroscopic Observations},
      journal = {The Astrophysical Journal},
     keywords = {brown dwarfs, planets and satellites: atmospheres, planets and satellites: gaseous planets, Astrophysics - Earth and Planetary Astrophysics},
         year = 2018,
        month = feb,
       volume = {854},
       number = {2},
          eid = {172},
        pages = {172},
          doi = {10.3847/1538-4357/aaac7d},
archivePrefix = {arXiv},
       eprint = {1711.11483},
 primaryClass = {astro-ph.EP},
       adsurl = {https://ui.adsabs.harvard.edu/abs/2018ApJ...854..172C},
      adsnote = {Provided by the SAO/NASA Astrophysics Data System}
}



@ARTICLE{samland17,
       author = {{Samland}, M. and {Molli{\`e}re}, P. and {Bonnefoy}, M. and {Maire}, A. -L. and {Cantalloube}, F. and {Cheetham}, A.~C. and {Mesa}, D. and {Gratton}, R. and {Biller}, B.~A. and {Wahhaj}, Z. and {Bouwman}, J. and {Brandner}, W. and {Melnick}, D. and {Carson}, J. and {Janson}, M. and {Henning}, T. and {Homeier}, D. and {Mordasini}, C. and {Langlois}, M. and {Quanz}, S.~P. and {van Boekel}, R. and {Zurlo}, A. and {Schlieder}, J.~E. and {Avenhaus}, H. and {Beuzit}, J. -L. and {Boccaletti}, A. and {Bonavita}, M. and {Chauvin}, G. and {Claudi}, R. and {Cudel}, M. and {Desidera}, S. and {Feldt}, M. and {Fusco}, T. and {Galicher}, R. and {Kopytova}, T.~G. and {Lagrange}, A. -M. and {Le Coroller}, H. and {Martinez}, P. and {Moeller-Nilsson}, O. and {Mouillet}, D. and {Mugnier}, L.~M. and {Perrot}, C. and {Sevin}, A. and {Sissa}, E. and {Vigan}, A. and {Weber}, L.},
        title = "{Spectral and atmospheric characterization of 51 Eridani b using VLT/SPHERE}",
      journal = {Astronomy \& Astrophysics},
     keywords = {stars: individual: 51 Eridani, planets and satellites: atmospheres, methods: data analysis, techniques: high angular resolution, techniques: image processing, Astrophysics - Earth and Planetary Astrophysics},
         year = 2017,
        month = jul,
       volume = {603},
          eid = {A57},
        pages = {A57},
          doi = {10.1051/0004-6361/201629767},
archivePrefix = {arXiv},
       eprint = {1704.02987},
 primaryClass = {astro-ph.EP},
       adsurl = {https://ui.adsabs.harvard.edu/abs/2017A&A...603A..57S},
      adsnote = {Provided by the SAO/NASA Astrophysics Data System}
}



@ARTICLE{lacy_burrows,
       author = {{Lacy}, Brianna and {Burrows}, Adam},
        title = {Self-consistent Models of {Y} Dwarf Atmospheres with Water Clouds and Disequilibrium Chemistry},
      journal = {The Astrophysical Journal},
     keywords = {Brown dwarfs, Y dwarfs, Atmospheric structure, Exoplanet atmospheres, 185, 1827, 2309, 487, Astrophysics - Earth and Planetary Astrophysics, Astrophysics - Solar and Stellar Astrophysics},
         year = 2023,
        month = jun,
       volume = {950},
       number = {1},
          eid = {8},
        pages = {8},
          doi = {10.3847/1538-4357/acc8cb},
archivePrefix = {arXiv},
       eprint = {2303.16295},
 primaryClass = {astro-ph.EP},
       adsurl = {https://ui.adsabs.harvard.edu/abs/2023ApJ...950....8L},
      adsnote = {Provided by the SAO/NASA Astrophysics Data System}
}



@ARTICLE{diamondback,
       author = {{Morley}, Caroline V. and {Mukherjee}, Sagnick and {Marley}, Mark S. and {Fortney}, Jonathan J. and {Visscher}, Channon and {Lupu}, Roxana and {Gharib-Nezhad}, Ehsan and {Thorngren}, Daniel and {Freedman}, Richard and {Batalha}, Natasha},
        title = "{The Sonora Substellar Atmosphere Models. III. Diamondback: Atmospheric properties, spectra, and evolution for warm cloudy substellar objects}",
      journal = {The Astrophysical Journal},
     keywords = {Brown dwarfs, L dwarfs, T dwarfs, Exoplanet atmospheres, Stellar atmospheres, Planetary atmospheres, Atmospheric clouds, Atmospheric composition, Atmospheric evolution, Stellar evolutionary models, 185, 894, 1679, 487, 1584, 1244, 2180, 2120, 2301, 2046, Astrophysics - Solar and Stellar Astrophysics, Astrophysics - Earth and Planetary Astrophysics},
         year = 2024,
        month = nov,
       volume = {975},
       number = {1},
          eid = {59},
        pages = {59},
          doi = {10.3847/1538-4357/ad71d5},
archivePrefix = {arXiv},
       eprint = {2402.00758},
 primaryClass = {astro-ph.SR},
       adsurl = {https://ui.adsabs.harvard.edu/abs/2024ApJ...975...59M},
      adsnote = {Provided by the SAO/NASA Astrophysics Data System}
}



@ARTICLE{cholla,
       author = {{Karalidi}, Theodora and {Marley}, Mark and {Fortney}, Jonathan J. and {Morley}, Caroline and {Saumon}, Didier and {Lupu}, Roxana and {Visscher}, Channon and {Freedman}, Richard},
        title = "{The Sonora Substellar Atmosphere Models. II. Cholla: A grid of cloud-free, solar metallicity models in chemical disequilibrium for the JWST era}",
      journal = {The Astrophysical Journal},
     keywords = {185, 498, 2120, Astrophysics - Earth and Planetary Astrophysics, Astrophysics - Solar and Stellar Astrophysics},
         year = 2021,
        month = dec,
       volume = {923},
       number = {2},
          eid = {269},
        pages = {269},
          doi = {10.3847/1538-4357/ac3140},
archivePrefix = {arXiv},
       eprint = {2110.11824},
 primaryClass = {astro-ph.EP},
       adsurl = {https://ui.adsabs.harvard.edu/abs/2021ApJ...923..269K},
      adsnote = {Provided by the SAO/NASA Astrophysics Data System}
}



@ARTICLE{elfowl,
       author = {{Mukherjee}, Sagnick and {Fortney}, Jonathan J. and {Morley}, Caroline V. and {Batalha}, Natasha E. and {Marley}, Mark S. and {Karalidi}, Theodora and {Visscher}, Channon and {Lupu}, Roxana and {Freedman}, Richard and {Gharib-Nezhad}, Ehsan},
        title = "{The Sonora Substellar Atmosphere Models. IV. Elf Owl: Atmospheric mixing and chemical disequilibrium with varying metallicity and C/O ratios}",
      journal = {The Astrophysical Journal},
     keywords = {Brown dwarfs, T dwarfs, Y dwarfs, Atmospheric composition, Extrasolar gaseous giant planets, 185, 1679, 1827, 2120, 509, Astrophysics - Earth and Planetary Astrophysics, Astrophysics - Solar and Stellar Astrophysics},
         year = 2024,
        month = mar,
       volume = {963},
       number = {1},
          eid = {73},
        pages = {73},
          doi = {10.3847/1538-4357/ad18c2},
archivePrefix = {arXiv},
       eprint = {2402.00756},
 primaryClass = {astro-ph.EP},
       adsurl = {https://ui.adsabs.harvard.edu/abs/2024ApJ...963...73M},
      adsnote = {Provided by the SAO/NASA Astrophysics Data System}
}



@ARTICLE{bobcat,
       author = {{Marley}, M. S. and {Saumon}, Didier and {Visscher}, Channon and {Lupu}, Roxana and {Freedman}, Richard and {Morley}, Caroline and {Fortney}, Jonathan J. and {Seay}, Christopher and {Smith}, Adam J.~R.~W. and {Teal}, D.~J. and {Wang}, Ruoyan},
        title = "{The Sonora Brown Dwarf Atmosphere and Evolution Models. I. Model description and application to cloudless atmospheres in rainout chemical equilibrium}",
      journal = {The Astrophysical Journal},
     keywords = {Brown dwarfs, T dwarfs, L dwarfs, L subdwarfs, T subdwarfs, Y dwarfs, Stellar atmospheres, 185, 1679, 894, 896, 1680, 1827, 1584, Astrophysics - Solar and Stellar Astrophysics, Astrophysics - Earth and Planetary Astrophysics},
         year = 2021,
        month = oct,
       volume = {920},
       number = {2},
          eid = {85},
        pages = {85},
          doi = {10.3847/1538-4357/ac141d},
archivePrefix = {arXiv},
       eprint = {2107.07434},
 primaryClass = {astro-ph.SR},
       adsurl = {https://ui.adsabs.harvard.edu/abs/2021ApJ...920...85M},
      adsnote = {Provided by the SAO/NASA Astrophysics Data System}
}



@ARTICLE{emcee,
       author = {{Foreman-Mackey}, Daniel and {Hogg}, David W. and {Lang}, Dustin and {Goodman}, Jonathan},
        title = "{emcee: The MCMC Hammer}",
      journal = {Publications of the Astronomical Society of the Pacific},
     keywords = {Astrophysics - Instrumentation and Methods for Astrophysics, Physics - Computational Physics, Statistics - Computation},
         year = 2013,
        month = mar,
       volume = {125},
       number = {925},
        pages = {306},
          doi = {10.1086/670067},
archivePrefix = {arXiv},
       eprint = {1202.3665},
 primaryClass = {astro-ph.IM},
       adsurl = {https://ui.adsabs.harvard.edu/abs/2013PASP..125..306F},
      adsnote = {Provided by the SAO/NASA Astrophysics Data System}
}




@ARTICLE{Mosegaard,
       author = {{Mosegaard}, Klaus and {Tarantola}, Albert},
        title = "{Monte Carlo sampling of solutions to inverse problems}",
      journal = {Journal of Geophysical Research: Solid Earth},
     keywords = {Mathematical Geophysics: Inverse theory},
         year = 1995,
        month = jul,
       volume = {100},
       number = {B7},
        pages = {12,431-12,447},
          doi = {10.1029/94JB03097},
       adsurl = {https://ui.adsabs.harvard.edu/abs/1995JGR...10012431M},
      adsnote = {Provided by the SAO/NASA Astrophysics Data System}
}



@ARTICLE{nested_sampling,
       author = {{Buchner}, Johannes},
        title = {Nested Sampling Methods},
      journal = {Statistics Surveys},
     keywords = {Statistics - Computation, Astrophysics - Instrumentation and Methods for Astrophysics},
         year = 2023,
        month = jan,
       volume = {17},
        pages = {169-215},
          doi = {10.1214/23-SS144},
archivePrefix = {arXiv},
       eprint = {2101.09675},
 primaryClass = {stat.CO},
       adsurl = {https://ui.adsabs.harvard.edu/abs/2023StSur..17..169B},
      adsnote = {Provided by the SAO/NASA Astrophysics Data System}
}




@INPROCEEDINGS{Marley07,
       author = {{Marley}, M. S. and {Fortney}, J. and {Seager}, S. and {Barman}, T.},
        title = {Atmospheres of Extrasolar Giant Planets},
     keywords = {Astrophysics},
    booktitle = "{Protostars and Planets V}",
         year = 2007,
       editor = {{Reipurth}, Bo and {Jewitt}, David and {Keil}, Klaus},
        month = jan,
        pages = {733},
          doi = {10.48550/arXiv.astro-ph/0602468},
archivePrefix = {arXiv},
       eprint = {astro-ph/0602468},
 primaryClass = {astro-ph},
       adsurl = {https://ui.adsabs.harvard.edu/abs/2007prpl.conf..733M},
      adsnote = {Provided by the SAO/NASA Astrophysics Data System}
}





@ARTICLE{Burrows97,
       author = {{Burrows}, A. and {Sudarsky}, D. and {Sharp}, C. and {Marley}, M. and {Hubbard}, W.~B. and {Lunine}, J.~I. and {Guillot}, T. and {Saumon}, D. and {Freedman}, R.},
        title = {Advances in the Theory of Extrasolar Giant Planets and Brown Dwarfs},
      journal = {arXiv e-prints},
     keywords = {Astrophysics},
         year = 1997,
        month = jun,
          eid = {astro-ph/9706080},
        pages = {astro-ph/9706080},
          doi = {10.48550/arXiv.astro-ph/9706080},
archivePrefix = {arXiv},
       eprint = {astro-ph/9706080},
 primaryClass = {astro-ph},
       adsurl = {https://ui.adsabs.harvard.edu/abs/1997astro.ph..6080B},
      adsnote = {Provided by the SAO/NASA Astrophysics Data System}
}



@ARTICLE{Rogers23,
       author = {{Rogers}, James G. and {Schlichting}, Hilke E. and {Owen}, James E.},
        title = {Conclusive Evidence for a Population of Water Worlds around {M} Dwarfs Remains Elusive},
      journal = {The Astrophysical Journal Letters},
     keywords = {Exoplanet atmospheric evolution, Exoplanet atmospheric composition, 2308, 2021, Astrophysics - Earth and Planetary Astrophysics},
         year = 2023,
        month = apr,
       volume = {947},
       number = {1},
          eid = {L19},
        pages = {L19},
          doi = {10.3847/2041-8213/acc86f},
archivePrefix = {arXiv},
       eprint = {2301.04321},
 primaryClass = {astro-ph.EP},
       adsurl = {https://ui.adsabs.harvard.edu/abs/2023ApJ...947L..19R},
      adsnote = {Provided by the SAO/NASA Astrophysics Data System}
}



@ARTICLE{Baraffe08,
       author = {{Baraffe}, I. and {Chabrier}, G. and {Barman}, T.},
        title = "{Structure and evolution of super-Earth to super-Jupiter exoplanets. I. Heavy element enrichment in the interior}",
      journal = {Astronomy \& Astrophysics},
     keywords = {stars: planetary systems, stars: individual: GJ 436, stars: individual: Hat-P-2, stars: individual: HD 149026, Astrophysics},
         year = 2008,
        month = apr,
       volume = {482},
       number = {1},
        pages = {315-332},
          doi = {10.1051/0004-6361:20079321},
archivePrefix = {arXiv},
       eprint = {0802.1810},
 primaryClass = {astro-ph},
       adsurl = {https://ui.adsabs.harvard.edu/abs/2008A&A...482..315B},
      adsnote = {Provided by the SAO/NASA Astrophysics Data System}
}



@ARTICLE{Baraffe03,
       author = {{Baraffe}, I. and {Chabrier}, G. and {Barman}, T.~S. and {Allard}, F. and {Hauschildt}, P.~H.},
        title = "{Evolutionary models for cool brown dwarfs and extrasolar giant planets. The case of HD 209458}",
      journal = {Astronomy \& Astrophysics},
     keywords = {planetary systems, stars: brown dwarfs, stars: evolution, stars: individual (HD 209458), Astrophysics},
         year = 2003,
        month = may,
       volume = {402},
        pages = {701-712},
          doi = {10.1051/0004-6361:20030252},
archivePrefix = {arXiv},
       eprint = {astro-ph/0302293},
 primaryClass = {astro-ph},
       adsurl = {https://ui.adsabs.harvard.edu/abs/2003A&A...402..701B},
      adsnote = {Provided by the SAO/NASA Astrophysics Data System}
}




@ARTICLE{Miguel_rev,
       author = {{Miguel}, Y. and {Vazan}, A.},
        title = {Interior and Evolution of the Giant Planets},
      journal = {Remote Sensing},
     keywords = {giant planets interiors, giant planets evolution, planet formation, Astrophysics - Earth and Planetary Astrophysics, Astrophysics - Solar and Stellar Astrophysics},
         year = 2023,
        month = jan,
       volume = {15},
       number = {3},
          eid = {681},
        pages = {681},
          doi = {10.3390/rs15030681},
archivePrefix = {arXiv},
       eprint = {2302.07656},
 primaryClass = {astro-ph.EP},
       adsurl = {https://ui.adsabs.harvard.edu/abs/2023RemS...15..681M},
      adsnote = {Provided by the SAO/NASA Astrophysics Data System}
}




@ARTICLE{Otegi20,
       author = {{Otegi}, J.~F. and {Dorn}, C. and {Helled}, R. and {Bouchy}, F. and {Haldemann}, J. and {Alibert}, Y.},
        title = "{Impact of the measured parameters of exoplanets on the inferred internal structure}",
      journal = {Astronomy \& Astrophysics},
     keywords = {planets and satellites: composition, planets and satellites: interiors, methods: observational, Astrophysics - Earth and Planetary Astrophysics},
         year = 2020,
        month = aug,
       volume = {640},
          eid = {A135},
        pages = {A135},
          doi = {10.1051/0004-6361/202038006},
archivePrefix = {arXiv},
       eprint = {2006.12353},
 primaryClass = {astro-ph.EP},
       adsurl = {https://ui.adsabs.harvard.edu/abs/2020A&A...640A.135O},
      adsnote = {Provided by the SAO/NASA Astrophysics Data System}
}



@ARTICLE{Thomas_Madhu16,
       author = {{Thomas}, Scott W. and {Madhusudhan}, Nikku},
        title = "{In hot water: effects of temperature-dependent interiors on the radii of water-rich super-Earths}",
      journal = {Monthly Notices of the Royal Astronomical Society},
     keywords = {Planets and satellites: general, Planets and satellites: interiors, Astrophysics - Earth and Planetary Astrophysics},
         year = 2016,
        month = may,
       volume = {458},
       number = {2},
        pages = {1330-1344},
          doi = {10.1093/mnras/stw321},
archivePrefix = {arXiv},
       eprint = {1602.02758},
 primaryClass = {astro-ph.EP},
       adsurl = {https://ui.adsabs.harvard.edu/abs/2016MNRAS.458.1330T},
      adsnote = {Provided by the SAO/NASA Astrophysics Data System}
}




@ARTICLE{saumon95,
       author = {{Saumon}, D. and {Chabrier}, G. and {van Horn}, H.~M.},
        title = {An Equation of State for Low-Mass Stars and Giant Planets},
      journal = {The Astrophysical Journal Supplement Series},
     keywords = {EQUATION OF STATE, STARS: INTERIORS, STARS: LOW-MASS, BROWN DWARFS, STARS: PLANETARY SYSTEMS},
         year = 1995,
        month = aug,
       volume = {99},
        pages = {713},
          doi = {10.1086/192204},
       adsurl = {https://ui.adsabs.harvard.edu/abs/1995ApJS...99..713S},
      adsnote = {Provided by the SAO/NASA Astrophysics Data System}
}



@ARTICLE{Irwin21,
       author = {{Irwin}, Patrick G.~J. and {Dobinson}, Jack and {James}, Arjuna and {Toledo}, Daniel and {Teanby}, Nicholas A. and {Fletcher}, Leigh N. and {Orton}, Glenn S. and {P{\'e}rez-Hoyos}, Santiago},
        title = "{Latitudinal variation of methane mole fraction above clouds in Neptune's atmosphere from VLT/MUSE-NFM: Limb-darkening reanalysis}",
      journal = {Icarus},
     keywords = {Astrophysics - Earth and Planetary Astrophysics},
         year = 2021,
        month = mar,
       volume = {357},
          eid = {114277},
        pages = {114277},
          doi = {10.1016/j.icarus.2020.114277},
archivePrefix = {arXiv},
       eprint = {2101.01063},
 primaryClass = {astro-ph.EP},
       adsurl = {https://ui.adsabs.harvard.edu/abs/2021Icar..35714277I},
      adsnote = {Provided by the SAO/NASA Astrophysics Data System}
}


@ARTICLE{Neptune_met1,
       author = {{Karkoschka}, Erich and {Tomasko}, Martin G.},
        title = "{The haze and methane distributions on Neptune from HST-STIS spectroscopy}",
      journal = {Icarus},
         year = 2011,
        month = jan,
       volume = {211},
       number = {1},
        pages = {780-797},
          doi = {10.1016/j.icarus.2010.08.013},
       adsurl = {https://ui.adsabs.harvard.edu/abs/2011Icar..211..780K},
      adsnote = {Provided by the SAO/NASA Astrophysics Data System}
}

@ARTICLE{Atreya22,
       author = {{Atreya}, Sushil K. and {Crida}, Aur{\'e}lien and {Guillot}, Tristan and {Li}, Cheng and {Lunine}, Jonathan I. and {Madhusudhan}, Nikku and {Mousis}, Olivier and {Wong}, Michael H.},
        title = {The Origin and Evolution of {Saturn}: A Post-{Cassini} Perspective},
      journal = {arXiv e-prints},
     keywords = {Astrophysics - Earth and Planetary Astrophysics},
         year = 2022,
        month = may,
          eid = {arXiv:2205.06914},
        pages = {arXiv:2205.06914},
          doi = {10.48550/arXiv.2205.06914},
archivePrefix = {arXiv},
       eprint = {2205.06914},
 primaryClass = {astro-ph.EP},
       adsurl = {https://ui.adsabs.harvard.edu/abs/2022arXiv220506914A},
      adsnote = {Provided by the SAO/NASA Astrophysics Data System}
}


@ARTICLE{Bloot23,
       author = {{Bloot}, S. and {Miguel}, Y. and {Bazot}, M. and {Howard}, S.},
        title = {Exoplanet interior retrievals: core masses and metallicities from atmospheric abundances},
      journal = {Monthly Notices of the Royal Astronomical Society},
     keywords = {planets and satellites: composition, planets and satellites: gaseous planets, planets and satellites: interiors, Astrophysics - Earth and Planetary Astrophysics},
         year = 2023,
        month = aug,
       volume = {523},
       number = {4},
        pages = {6282-6292},
          doi = {10.1093/mnras/stad1873},
archivePrefix = {arXiv},
       eprint = {2306.11354},
 primaryClass = {astro-ph.EP},
       adsurl = {https://ui.adsabs.harvard.edu/abs/2023MNRAS.523.6282B},
      adsnote = {Provided by the SAO/NASA Astrophysics Data System}
}

@ARTICLE{Howard23,
       author = {{Howard}, S. and {Guillot}, T. and {Bazot}, M. and {Miguel}, Y. and {Stevenson}, D.~J. and {Galanti}, E. and {Kaspi}, Y. and {Hubbard}, W.~B. and {Militzer}, B. and {Helled}, R. and {Nettelmann}, N. and {Idini}, B. and {Bolton}, S.},
        title = "{Jupiter's interior from Juno: Equation-of-state uncertainties and dilute core extent}",
      journal = {Astronomy \& Astrophysics},
     keywords = {planets and satellites: interiors, planets and satellites: gaseous planets, planets and satellites: composition, planets and satellites: individual: Jupiter, equation of state, Astrophysics - Earth and Planetary Astrophysics},
         year = 2023,
        month = apr,
       volume = {672},
          eid = {A33},
        pages = {A33},
          doi = {10.1051/0004-6361/202245625},
archivePrefix = {arXiv},
       eprint = {2302.09082},
 primaryClass = {astro-ph.EP},
       adsurl = {https://ui.adsabs.harvard.edu/abs/2023A&A...672A..33H},
      adsnote = {Provided by the SAO/NASA Astrophysics Data System}
}


@ARTICLE{Dorn15,
       author = {{Dorn}, Caroline and {Khan}, Amir and {Heng}, Kevin and {Connolly}, James A.~D. and {Alibert}, Yann and {Benz}, Willy and {Tackley}, Paul},
        title = "{Can we constrain the interior structure of rocky exoplanets from mass and radius measurements?}",
      journal = {Astronomy \& Astrophysics},
     keywords = {planets and satellites: terrestrial planets, planets and satellites: interiors, Astrophysics - Earth and Planetary Astrophysics},
         year = 2015,
        month = may,
       volume = {577},
          eid = {A83},
        pages = {A83},
          doi = {10.1051/0004-6361/201424915},
archivePrefix = {arXiv},
       eprint = {1502.03605},
 primaryClass = {astro-ph.EP},
       adsurl = {https://ui.adsabs.harvard.edu/abs/2015A&A...577A..83D},
      adsnote = {Provided by the SAO/NASA Astrophysics Data System}
}



@ARTICLE{ariel_int_rev,
       author = {{Helled}, Ravit and {Werner}, Stephanie and {Dorn}, Caroline and {Guillot}, Tristan and {Ikoma}, Masahiro and {Ito}, Yuichi and {Kama}, Mihkel and {Lichtenberg}, Tim and {Miguel}, Yamila and {Shorttle}, Oliver and {Tackley}, Paul J. and {Valencia}, Diana and {Vazan}, Allona},
        title = "{Ariel planetary interiors White Paper}",
      journal = {Experimental Astronomy},
     keywords = {Ariel, Planetary interiors, Planet composition, Atmosphere-interior interaction, Astrophysics - Instrumentation and Methods for Astrophysics, Astrophysics - Earth and Planetary Astrophysics},
         year = 2022,
        month = apr,
       volume = {53},
       number = {2},
        pages = {323-356},
          doi = {10.1007/s10686-021-09739-3},
archivePrefix = {arXiv},
       eprint = {2103.08481},
 primaryClass = {astro-ph.IM},
       adsurl = {https://ui.adsabs.harvard.edu/abs/2022ExA....53..323H},
      adsnote = {Provided by the SAO/NASA Astrophysics Data System}
}


@ARTICLE{Zeng19,
       author = {{Zeng}, Li and {Jacobsen}, Stein B. and {Sasselov}, Dimitar D. and {Petaev}, Michail I. and {Vanderburg}, Andrew and {Lopez-Morales}, Mercedes and {Perez-Mercader}, Juan and {Mattsson}, Thomas R. and {Li}, Gongjie and {Heising}, Matthew Z. and {Bonomo}, Aldo S. and {Damasso}, Mario and {Berger}, Travis A. and {Cao}, Hao and {Levi}, Amit and {Wordsworth}, Robin D.},
        title = "{Growth model interpretation of planet size distribution}",
      journal = {Proceedings of the National Academy of Science},
     keywords = {Astrophysics - Earth and Planetary Astrophysics, Physics - Geophysics},
         year = 2019,
        month = may,
       volume = {116},
       number = {20},
        pages = {9723-9728},
          doi = {10.1073/pnas.1812905116},
archivePrefix = {arXiv},
       eprint = {1906.04253},
 primaryClass = {astro-ph.EP},
       adsurl = {https://ui.adsabs.harvard.edu/abs/2019PNAS..116.9723Z},
      adsnote = {Provided by the SAO/NASA Astrophysics Data System}
}

@ARTICLE{Rogers24,
       author = {{Rogers}, James G. and {Owen}, James E. and {Schlichting}, Hilke E.},
        title = "{Under the light of a new star: evolution of planetary atmospheres through protoplanetary disc dispersal and boil-off}",
      journal = {Monthly Notices of the Royal Astronomical Society},
     keywords = {planets and satellites: atmospheres, planets and satellites: formation, Astrophysics - Earth and Planetary Astrophysics},
         year = 2024,
        month = apr,
       volume = {529},
       number = {3},
        pages = {2716-2733},
          doi = {10.1093/mnras/stae563},
archivePrefix = {arXiv},
       eprint = {2311.12295},
 primaryClass = {astro-ph.EP},
       adsurl = {https://ui.adsabs.harvard.edu/abs/2024MNRAS.529.2716R},
      adsnote = {Provided by the SAO/NASA Astrophysics Data System}
}



@ARTICLE{Teske19,
       author = {{Teske}, Johanna K. and {Thorngren}, Daniel and {Fortney}, Jonathan J. and {Hinkel}, Natalie and {Brewer}, John M.},
        title = {Do Metal-rich Stars Make Metal-rich Planets? New Insights on Giant Planet Formation from Host Star Abundances},
      journal = {The Astronomical Journal},
     keywords = {High resolution spectroscopy, Exoplanet formation, 2096, 492, Astrophysics - Earth and Planetary Astrophysics, Astrophysics - Solar and Stellar Astrophysics},
         year = 2019,
        month = dec,
       volume = {158},
       number = {6},
          eid = {239},
        pages = {239},
          doi = {10.3847/1538-3881/ab4f79},
archivePrefix = {arXiv},
       eprint = {1912.00255},
 primaryClass = {astro-ph.EP},
       adsurl = {https://ui.adsabs.harvard.edu/abs/2019AJ....158..239T},
      adsnote = {Provided by the SAO/NASA Astrophysics Data System}
}



@ARTICLE{Mah_Bitsch23,
       author = {{Bitsch}, Bertram and {Mah}, Jingyi},
        title = "{Enriching inner discs and giant planets with heavy elements}",
      journal = {Astronomy \& Astrophysics},
     keywords = {accretion, accretion disks, planets and satellites: formation, planets and satellites: composition, Astrophysics - Earth and Planetary Astrophysics},
         year = 2023,
        month = nov,
       volume = {679},
          eid = {A11},
        pages = {A11},
          doi = {10.1051/0004-6361/202347419},
archivePrefix = {arXiv},
       eprint = {2309.00509},
 primaryClass = {astro-ph.EP},
       adsurl = {https://ui.adsabs.harvard.edu/abs/2023A&A...679A..11B},
      adsnote = {Provided by the SAO/NASA Astrophysics Data System}
}

@ARTICLE{Schneider21,
       author = {{Schneider}, Aaron David and {Bitsch}, Bertram},
        title = "{How drifting and evaporating pebbles shape giant planets. I. Heavy element content and atmospheric C/O}",
      journal = {Astronomy \& Astrophysics},
     keywords = {accretion, accretion disks, planets and satellites: formation, protoplanetary disks, planet-disk interactions, Astrophysics - Earth and Planetary Astrophysics},
         year = 2021,
        month = oct,
       volume = {654},
          eid = {A71},
        pages = {A71},
          doi = {10.1051/0004-6361/202039640},
archivePrefix = {arXiv},
       eprint = {2105.13267},
 primaryClass = {astro-ph.EP},
       adsurl = {https://ui.adsabs.harvard.edu/abs/2021A&A...654A..71S},
      adsnote = {Provided by the SAO/NASA Astrophysics Data System}
}



@ARTICLE{Ginzburg20,
       author = {{Ginzburg}, Sivan and {Chiang}, Eugene},
        title = "{Heavy-metal Jupiters by major mergers: metallicity versus mass for giant planets}",
      journal = {Monthly Notices of the Royal Astronomical Society},
     keywords = {planets and satellites: composition, planets and satellites: dynamical evolution and stability, planets and satellites: formation, planets and satellites: gaseous planets, Astrophysics - Earth and Planetary Astrophysics, Astrophysics - Solar and Stellar Astrophysics},
         year = 2020,
        month = oct,
       volume = {498},
       number = {1},
        pages = {680-688},
          doi = {10.1093/mnras/staa2500},
archivePrefix = {arXiv},
       eprint = {2006.12500},
 primaryClass = {astro-ph.EP},
       adsurl = {https://ui.adsabs.harvard.edu/abs/2020MNRAS.498..680G},
      adsnote = {Provided by the SAO/NASA Astrophysics Data System}
}



@ARTICLE{Turbet20,
       author = {{Turbet}, Martin and {Bolmont}, Emeline and {Ehrenreich}, David and {Gratier}, Pierre and {Leconte}, J{\'e}r{\'e}my and {Selsis}, Franck and {Hara}, Nathan and {Lovis}, Christophe},
        title = "{Revised mass-radius relationships for water-rich rocky planets more irradiated than the runaway greenhouse limit}",
      journal = {Astronomy \& Astrophysics},
     keywords = {planets and satellites: terrestrial planets, planets and satellites: composition, planets and satellites: atmospheres, planets and satellites: individual: TRAPPIST-1, planets and satellites: interiors, methods: numerical, Astrophysics - Earth and Planetary Astrophysics, Physics - Atmospheric and Oceanic Physics, Physics - Geophysics},
         year = 2020,
        month = jun,
       volume = {638},
          eid = {A41},
        pages = {A41},
          doi = {10.1051/0004-6361/201937151},
archivePrefix = {arXiv},
       eprint = {1911.08878},
 primaryClass = {astro-ph.EP},
       adsurl = {https://ui.adsabs.harvard.edu/abs/2020A&A...638A..41T},
      adsnote = {Provided by the SAO/NASA Astrophysics Data System}
}




@ARTICLE{Seager07,
       author = {{Seager}, S. and {Kuchner}, M. and {Hier-Majumder}, C.~A. and {Militzer}, B.},
        title = {Mass-Radius Relationships for Solid Exoplanets},
      journal = {The Astrophysical Journal},
     keywords = {Equation of State, Stars: Planetary Systems, Planets and Satellites: General, Astrophysics},
         year = 2007,
        month = nov,
       volume = {669},
       number = {2},
        pages = {1279-1297},
          doi = {10.1086/521346},
archivePrefix = {arXiv},
       eprint = {0707.2895},
 primaryClass = {astro-ph},
       adsurl = {https://ui.adsabs.harvard.edu/abs/2007ApJ...669.1279S},
      adsnote = {Provided by the SAO/NASA Astrophysics Data System}
}


@ARTICLE{Amadeo23,
       author = {{Castro-Gonz{\'a}lez}, A. and {Demangeon}, O.~D.~S. and {Lillo-Box}, J. and {Lovis}, C. and {Lavie}, B. and {Adibekyan}, V. and {Acu{\~n}a}, L. and {Deleuil}, M. and {Aguichine}, A. and {Zapatero Osorio}, M.~R. and {Tabernero}, H.~M. and {Davoult}, J. and {Alibert}, Y. and {Santos}, N. and {Sousa}, S.~G. and {Antoniadis-Karnavas}, A. and {Borsa}, F. and {Winn}, J.~N. and {Allende Prieto}, C. and {Figueira}, P. and {Jenkins}, J.~M. and {Sozzetti}, A. and {Damasso}, M. and {Silva}, A.~M. and {Astudillo-Defru}, N. and {Barros}, S.~C.~C. and {Bonfils}, X. and {Cristiani}, S. and {Di Marcantonio}, P. and {Gonz{\'a}lez Hern{\'a}ndez}, J.~I. and {Curto}, G. Lo and {Martins}, C.~J.~A.~P. and {Nunes}, N.~J. and {Palle}, E. and {Pepe}, F. and {Seager}, S. and {Su{\'a}rez Mascare{\~n}o}, A.},
        title = "{An unusually low-density super-Earth transiting the bright early-type M-dwarf GJ 1018 (TOI-244)}",
      journal = {Astronomy \& Astrophysics},
     keywords = {planets and satellites: individual: TOI-244 b, planets and satellites: detection, planets and satellites: composition, stars: individual: GJ 1018, techniques: radial velocities, techniques: photometric, Astrophysics - Earth and Planetary Astrophysics},
         year = 2023,
        month = jul,
       volume = {675},
          eid = {A52},
        pages = {A52},
          doi = {10.1051/0004-6361/202346550},
archivePrefix = {arXiv},
       eprint = {2305.04922},
 primaryClass = {astro-ph.EP},
       adsurl = {https://ui.adsabs.harvard.edu/abs/2023A&A...675A..52C},
      adsnote = {Provided by the SAO/NASA Astrophysics Data System}
}

@ARTICLE{Zeng16,
       author = {{Zeng}, Li and {Sasselov}, Dimitar D. and {Jacobsen}, Stein B.},
        title = {Mass-Radius Relation for Rocky Planets Based on {PREM}},
      journal = {The Astrophysical Journal},
     keywords = {planets and satellites: composition, planets and satellites: general, planets and satellites: interiors, Astrophysics - Earth and Planetary Astrophysics},
         year = 2016,
        month = mar,
       volume = {819},
       number = {2},
          eid = {127},
        pages = {127},
          doi = {10.3847/0004-637X/819/2/127},
archivePrefix = {arXiv},
       eprint = {1512.08827},
 primaryClass = {astro-ph.EP},
       adsurl = {https://ui.adsabs.harvard.edu/abs/2016ApJ...819..127Z},
      adsnote = {Provided by the SAO/NASA Astrophysics Data System}
}



@ARTICLE{Piaulet21,
       author = {{Piaulet}, Caroline and {Benneke}, Bj{\"o}rn and {Rubenzahl}, Ryan A. and {Howard}, Andrew W. and {Lee}, Eve J. and {Thorngren}, Daniel and {Angus}, Ruth and {Peterson}, Merrin and {Schlieder}, Joshua E. and {Werner}, Michael and {Kreidberg}, Laura and {Jaouni}, Tareq and {Crossfield}, Ian J.~M. and {Ciardi}, David R. and {Petigura}, Erik A. and {Livingston}, John and {Dressing}, Courtney D. and {Fulton}, Benjamin J. and {Beichman}, Charles and {Christiansen}, Jessie L. and {Gorjian}, Varoujan and {Hardegree-Ullman}, Kevin K. and {Krick}, Jessica and {Sinukoff}, Evan},
        title = {{WASP}-107b's Density Is Even Lower: A Case Study for the Physics of Planetary Gas Envelope Accretion and Orbital Migration},
      journal = {The Astronomical Journal},
     keywords = {Exoplanet formation, Planetary structure, Exoplanet atmospheres, 492, 1256, 487, Astrophysics - Earth and Planetary Astrophysics, Astrophysics - Instrumentation and Methods for Astrophysics},
         year = 2021,
        month = feb,
       volume = {161},
       number = {2},
          eid = {70},
        pages = {70},
          doi = {10.3847/1538-3881/abcd3c},
archivePrefix = {arXiv},
       eprint = {2011.13444},
 primaryClass = {astro-ph.EP},
       adsurl = {https://ui.adsabs.harvard.edu/abs/2021AJ....161...70P},
      adsnote = {Provided by the SAO/NASA Astrophysics Data System}
}



@ARTICLE{Unterborn,
       author = {{Unterborn}, C.~T. and {Desch}, S.~J. and {Haldemann}, J. and {Lorenzo}, A. and {Schulze}, J.~G. and {Hinkel}, N.~R. and {Panero}, W.~R.},
        title = {The Nominal Ranges of Rocky Planet Masses, Radii, Surface Gravities, and Bulk Densities},
      journal = {The Astrophysical Journal},
     keywords = {Planetary interior, Exoplanet structure, Exoplanet astronomy, Planet hosting stars, 1248, 495, 486, 1242, Astrophysics - Earth and Planetary Astrophysics},
         year = 2023,
        month = feb,
       volume = {944},
       number = {1},
          eid = {42},
        pages = {42},
          doi = {10.3847/1538-4357/acaa3b},
archivePrefix = {arXiv},
       eprint = {2212.03934},
 primaryClass = {astro-ph.EP},
       adsurl = {https://ui.adsabs.harvard.edu/abs/2023ApJ...944...42U},
      adsnote = {Provided by the SAO/NASA Astrophysics Data System}
}



@ARTICLE{Baumeister,
       author = {{Baumeister}, Philipp and {Tosi}, Nicola},
        title = "{ExoMDN: Rapid characterization of exoplanet interior structures with mixture density networks}",
      journal = {Astronomy \& Astrophysics},
     keywords = {planets and satellites: interiors, planets and satellites: composition, methods: numerical, methods: statistical, Astrophysics - Earth and Planetary Astrophysics, Computer Science - Machine Learning},
         year = 2023,
        month = aug,
       volume = {676},
          eid = {A106},
        pages = {A106},
          doi = {10.1051/0004-6361/202346216},
archivePrefix = {arXiv},
       eprint = {2306.09002},
 primaryClass = {astro-ph.EP},
       adsurl = {https://ui.adsabs.harvard.edu/abs/2023A&A...676A.106B},
      adsnote = {Provided by the SAO/NASA Astrophysics Data System}
}



@ARTICLE{exoint,
       author = {{Wang}, H.~S. and {Liu}, F. and {Ireland}, T.~R. and {Brasser}, R. and {Yong}, D. and {Lineweaver}, C.~H.},
        title = "{Enhanced constraints on the interior composition and structure of terrestrial exoplanets}",
      journal = {Monthly Notices of the Royal Astronomical Society},
     keywords = {planets and satellites: composition, planets and satellites: interiors, planets and satellites: terrestrial planets, stars: abundances, Astrophysics - Earth and Planetary Astrophysics},
         year = 2019,
        month = jan,
       volume = {482},
       number = {2},
        pages = {2222-2233},
          doi = {10.1093/mnras/sty2749},
archivePrefix = {arXiv},
       eprint = {1810.04615},
 primaryClass = {astro-ph.EP},
       adsurl = {https://ui.adsabs.harvard.edu/abs/2019MNRAS.482.2222W},
      adsnote = {Provided by the SAO/NASA Astrophysics Data System}
}



@ARTICLE{Haldemann24,
       author = {{Haldemann}, Jonas and {Dorn}, Caroline and {Venturini}, Julia and {Alibert}, Yann and {Benz}, Willy},
        title = "{BICEPS: An improved characterization model for low- and intermediate-mass exoplanets}",
      journal = {Astronomy \& Astrophysics},
     keywords = {planets and satellites: interiors, planets and satellites: composition, methods: numerical, methods: statistical, equation of state},
         year = 2024,
        month = jan,
       volume = {681},
          eid = {A96},
        pages = {A96},
          doi = {10.1051/0004-6361/202346965},
       adsurl = {https://ui.adsabs.harvard.edu/abs/2024A&A...681A..96H},
      adsnote = {Provided by the SAO/NASA Astrophysics Data System}
}


@ARTICLE{Egger24,
       author = {{Egger}, J.~A. and {Osborn}, H.~P. and {Kubyshkina}, D. and {Mordasini}, C. and {Alibert}, Y. and {G{\"u}nther}, M.~N. and {Lendl}, M. and {Brandeker}, A. and {Heitzmann}, A. and {Leleu}, A. and {Damasso}, M. and {Bonfanti}, A. and {Wilson}, T.~G. and {Sousa}, S.~G. and {Haldemann}, J. and {Delrez}, L. and {Hooton}, M.~J. and {Zingales}, T. and {Luque}, R. and {Alonso}, R. and {Asquier}, J. and {B{\'a}rczy}, T. and {Navascues}, D. Barrado and {Barros}, S.~C.~C. and {Baumjohann}, W. and {Benz}, W. and {Billot}, N. and {Borsato}, L. and {Broeg}, C. and {Buder}, M. and {Castro-Gonz{\'a}lez}, A. and {Cameron}, A. Collier and {Correia}, A.~C.~M. and {Cortes}, D. and {Csizmadia}, Sz. and {Cubillos}, P.~E. and {Davies}, M.~B. and {Deleuil}, M. and {Deline}, A. and {Demangeon}, O.~D.~S. and {Demory}, B. -O. and {Derekas}, A. and {Edwards}, B. and {Ehrenreich}, D. and {Erikson}, A. and {Fortier}, A. and {Fossati}, L. and {Fridlund}, M. and {Gandolfi}, D. and {Gazeas}, K. and {Gillon}, M. and {G{\"u}del}, M. and {Helling}, Ch. and {Isaak}, K.~G. and {Kiss}, L.~L. and {Korth}, J. and {Lam}, K.~W.~F. and {Laskar}, J. and {Lavie}, B. and {des Etangs}, A. Lecavelier and {Lovis}, C. and {Luntzer}, A. and {Magrin}, D. and {Maxted}, P.~F.~L. and {Mer{\'\i}n}, B. and {Munari}, M. and {Nascimbeni}, V. and {Olofsson}, G. and {Ottensamer}, R. and {Pagano}, I. and {Pall{\'e}}, E. and {Peter}, G. and {Piazza}, D. and {Piotto}, G. and {Pollacco}, D. and {Queloz}, D. and {Ragazzoni}, R. and {Rando}, N. and {Rauer}, H. and {Ribas}, I. and {Rodrigues}, J. and {Santos}, N.~C. and {Scandariato}, G. and {S{\'e}gransan}, D. and {Simon}, A.~E. and {Smith}, A.~M.~S. and {Stalport}, M. and {Sulis}, S. and {Szab{\'o}}, Gy. M. and {Udry}, S. and {Van Grootel}, V. and {Venturini}, J. and {Villaver}, E. and {Walton}, N.~A.},
        title = "{Unveiling the internal structure and formation history of the three planets transiting HIP 29442 (TOI-469) with CHEOPS}",
      journal = {Astronomy \& Astrophysics},
     keywords = {techniques: photometric, planets and satellites: formation, planets and satellites: interiors, planets and satellites: individual: HIP 29442, planetary systems, Astrophysics - Earth and Planetary Astrophysics},
         year = 2024,
        month = aug,
       volume = {688},
          eid = {A223},
        pages = {A223},
          doi = {10.1051/0004-6361/202450472},
archivePrefix = {arXiv},
       eprint = {2406.18653},
 primaryClass = {astro-ph.EP},
       adsurl = {https://ui.adsabs.harvard.edu/abs/2024A&A...688A.223E},
      adsnote = {Provided by the SAO/NASA Astrophysics Data System}
}

@ARTICLE{mardigras,
       author = {{Aguichine}, Artyom},
        title = "{mardigras: A visualization tool of theoretical mass{\textendash}radius relations in the context of planetary science}",
      journal = {Research Notes of the American Astronomical Society},
     keywords = {Planetary interior, Exoplanet catalogs, Exoplanet evolution, Exoplanets, Ocean planets, Extrasolar gaseous planets, Extrasolar rocky planets, Planetary structure, 1248, 488, 491, 498, 1151, 2172, 511, 1256},
         year = 2024,
        month = aug,
       volume = {8},
       number = {8},
          eid = {216},
        pages = {216},
          doi = {10.3847/2515-5172/ad7506},
       adsurl = {https://ui.adsabs.harvard.edu/abs/2024RNAAS...8..216A},
      adsnote = {Provided by the SAO/NASA Astrophysics Data System}
}


@ARTICLE{Suissa18,
       author = {{Suissa}, Gabrielle and {Chen}, Jingjing and {Kipping}, David},
        title = "{A HARDCORE model for constraining an exoplanet's core size}",
      journal = {Monthly Notices of the Royal Astronomical Society},
     keywords = {planets and satellites: composition, planets and satellites: interiors, Astrophysics - Earth and Planetary Astrophysics},
         year = 2018,
        month = may,
       volume = {476},
       number = {2},
        pages = {2613-2620},
          doi = {10.1093/mnras/sty381},
archivePrefix = {arXiv},
       eprint = {1804.02019},
 primaryClass = {astro-ph.EP},
       adsurl = {https://ui.adsabs.harvard.edu/abs/2018MNRAS.476.2613S},
      adsnote = {Provided by the SAO/NASA Astrophysics Data System}
}



@ARTICLE{Paxton11,
       author = {{Paxton}, Bill and {Bildsten}, Lars and {Dotter}, Aaron and {Herwig}, Falk and {Lesaffre}, Pierre and {Timmes}, Frank},
        title = "{Modules for Experiments in Stellar Astrophysics (MESA)}",
      journal = {The Astrophysical Journal Supplement Series},
     keywords = {methods: numerical, stars: evolution, stars: general, Astrophysics - Solar and Stellar Astrophysics, Astrophysics - Instrumentation and Methods for Astrophysics},
         year = 2011,
        month = jan,
       volume = {192},
       number = {1},
          eid = {3},
        pages = {3},
          doi = {10.1088/0067-0049/192/1/3},
archivePrefix = {arXiv},
       eprint = {1009.1622},
 primaryClass = {astro-ph.SR},
       adsurl = {https://ui.adsabs.harvard.edu/abs/2011ApJS..192....3P},
      adsnote = {Provided by the SAO/NASA Astrophysics Data System}
}


@ARTICLE{Paxton13,
       author = {{Paxton}, Bill and {Cantiello}, Matteo and {Arras}, Phil and {Bildsten}, Lars and {Brown}, Edward F. and {Dotter}, Aaron and {Mankovich}, Christopher and {Montgomery}, M.~H. and {Stello}, Dennis and {Timmes}, F.~X. and {Townsend}, Richard},
        title = "{Modules for Experiments in Stellar Astrophysics (MESA): Planets, oscillations, rotation, and massive stars}",
      journal = {The Astrophysical Journal Supplement Series},
     keywords = {asteroseismology, methods: numerical, planets and satellites: physical evolution, stars: evolution, stars: massive, stars: rotation, Astrophysics - Solar and Stellar Astrophysics, Astrophysics - Instrumentation and Methods for Astrophysics},
         year = 2013,
        month = sep,
       volume = {208},
       number = {1},
          eid = {4},
        pages = {4},
          doi = {10.1088/0067-0049/208/1/4},
archivePrefix = {arXiv},
       eprint = {1301.0319},
 primaryClass = {astro-ph.SR},
       adsurl = {https://ui.adsabs.harvard.edu/abs/2013ApJS..208....4P},
      adsnote = {Provided by the SAO/NASA Astrophysics Data System}
}

@ARTICLE{Paxton15,
       author = {{Paxton}, Bill and {Marchant}, Pablo and {Schwab}, Josiah and {Bauer}, Evan B. and {Bildsten}, Lars and {Cantiello}, Matteo and {Dessart}, Luc and {Farmer}, R. and {Hu}, H. and {Langer}, N. and {Townsend}, R.~H.~D. and {Townsley}, Dean M. and {Timmes}, F.~X.},
        title = "{Modules for Experiments in Stellar Astrophysics (MESA): Binaries, pulsations, and explosions}",
      journal = {The Astrophysical Journal Supplement Series},
     keywords = {binaries: general, methods: numerical, nuclear reactions, nucleosynthesis, abundances, shock waves, stars: evolution, stars: oscillations, Astrophysics - Solar and Stellar Astrophysics},
         year = 2015,
        month = sep,
       volume = {220},
       number = {1},
          eid = {15},
        pages = {15},
          doi = {10.1088/0067-0049/220/1/15},
archivePrefix = {arXiv},
       eprint = {1506.03146},
 primaryClass = {astro-ph.SR},
       adsurl = {https://ui.adsabs.harvard.edu/abs/2015ApJS..220...15P},
      adsnote = {Provided by the SAO/NASA Astrophysics Data System}
}

@ARTICLE{Paxton18,
       author = {{Paxton}, Bill and {Schwab}, Josiah and {Bauer}, Evan B. and {Bildsten}, Lars and {Blinnikov}, Sergei and {Duffell}, Paul and {Farmer}, R. and {Goldberg}, Jared A. and {Marchant}, Pablo and {Sorokina}, Elena and {Thoul}, Anne and {Townsend}, Richard H.~D. and {Timmes}, F.~X.},
        title = "{Modules for Experiments in Stellar Astrophysics (MESA): Convective boundaries, element diffusion, and massive star explosions}",
      journal = {The Astrophysical Journal Supplement Series},
     keywords = {convection, diffusion, hydrodynamics, methods: numerical, stars: evolution, supernovae: general, Astrophysics - Solar and Stellar Astrophysics, Astrophysics - High Energy Astrophysical Phenomena},
         year = 2018,
        month = feb,
       volume = {234},
       number = {2},
          eid = {34},
        pages = {34},
          doi = {10.3847/1538-4365/aaa5a8},
archivePrefix = {arXiv},
       eprint = {1710.08424},
 primaryClass = {astro-ph.SR},
       adsurl = {https://ui.adsabs.harvard.edu/abs/2018ApJS..234...34P},
      adsnote = {Provided by the SAO/NASA Astrophysics Data System}
}

@ARTICLE{Paxton19,
       author = {{Paxton}, Bill and {Smolec}, R. and {Schwab}, Josiah and {Gautschy}, A. and {Bildsten}, Lars and {Cantiello}, Matteo and {Dotter}, Aaron and {Farmer}, R. and {Goldberg}, Jared A. and {Jermyn}, Adam S. and {Kanbur}, S.~M. and {Marchant}, Pablo and {Thoul}, Anne and {Townsend}, Richard H.~D. and {Wolf}, William M. and {Zhang}, Michael and {Timmes}, F.~X.},
        title = "{Modules for Experiments in Stellar Astrophysics (MESA): Pulsating variable stars, rotation, convective boundaries, and energy conservation}",
      journal = {The Astrophysical Journal Supplement Series},
     keywords = {stars: evolution, stars: general, stars: interiors, stars: oscillations:  including pulsations, stars: rotation, stars: variables: general, Astrophysics - Solar and Stellar Astrophysics},
         year = 2019,
        month = jul,
       volume = {243},
       number = {1},
          eid = {10},
        pages = {10},
          doi = {10.3847/1538-4365/ab2241},
archivePrefix = {arXiv},
       eprint = {1903.01426},
 primaryClass = {astro-ph.SR},
       adsurl = {https://ui.adsabs.harvard.edu/abs/2019ApJS..243...10P},
      adsnote = {Provided by the SAO/NASA Astrophysics Data System}
}

@ARTICLE{magrathea,
       author = {{Huang}, Chenliang and {Rice}, David R. and {Steffen}, Jason H.},
        title = "{MAGRATHEA: an open-source spherical symmetric planet interior structure code}",
      journal = {Monthly Notices of the Royal Astronomical Society},
     keywords = {equation of state, software: public release, planets and satellites: composition, planets and satellites: general, planets and satellites: interiors, Astrophysics - Earth and Planetary Astrophysics, Astrophysics - Instrumentation and Methods for Astrophysics},
         year = 2022,
        month = jul,
       volume = {513},
       number = {4},
        pages = {5256-5269},
          doi = {10.1093/mnras/stac1133},
archivePrefix = {arXiv},
       eprint = {2201.03094},
 primaryClass = {astro-ph.EP},
       adsurl = {https://ui.adsabs.harvard.edu/abs/2022MNRAS.513.5256H},
      adsnote = {Provided by the SAO/NASA Astrophysics Data System}
}

@ARTICLE{Muller21,
       author = {{M{\"u}ller}, Simon and {Helled}, Ravit},
        title = "{Synthetic evolution tracks of giant planets}",
      journal = {Monthly Notices of the Royal Astronomical Society},
     keywords = {methods: numerical, planets and satellites: composition, planets and satellites: gaseous planets, planets and satellites: interiors, Astrophysics - Earth and Planetary Astrophysics, Astrophysics - Instrumentation and Methods for Astrophysics},
         year = 2021,
        month = oct,
       volume = {507},
       number = {2},
        pages = {2094-2102},
          doi = {10.1093/mnras/stab2250},
archivePrefix = {arXiv},
       eprint = {2108.00949},
 primaryClass = {astro-ph.EP},
       adsurl = {https://ui.adsabs.harvard.edu/abs/2021MNRAS.507.2094M},
      adsnote = {Provided by the SAO/NASA Astrophysics Data System}
}

@ARTICLE{chen_rogers16,
       author = {{Chen}, Howard and {Rogers}, Leslie A.},
        title = {Evolutionary Analysis of Gaseous Sub-{Neptune}-mass Planets with {MESA}},
      journal = {The Astrophysical Journal},
     keywords = {methods: numerical, planets and satellites: atmospheres, planets and satellites: interiors, planets and satellites: physical evolution, Astrophysics - Earth and Planetary Astrophysics},
         year = 2016,
        month = nov,
       volume = {831},
       number = {2},
          eid = {180},
        pages = {180},
          doi = {10.3847/0004-637X/831/2/180},
archivePrefix = {arXiv},
       eprint = {1603.06596},
 primaryClass = {astro-ph.EP},
       adsurl = {https://ui.adsabs.harvard.edu/abs/2016ApJ...831..180C},
      adsnote = {Provided by the SAO/NASA Astrophysics Data System}
}

@ARTICLE{Poser19,
       author = {{Poser}, Anna Julia and {Nettelmann}, Nadine and {Redmer}, Ronald},
        title = {The Effect of Clouds as an Additional Opacity Source on the Inferred Metallicity of Giant Exoplanets},
      journal = {Atmosphere},
     keywords = {extrasolar planets: hot Jupiters, atmospheres, clouds, individuals: WASP-10b, WASP-39b, Astrophysics - Earth and Planetary Astrophysics},
         year = 2019,
        month = oct,
       volume = {10},
       number = {11},
          eid = {664},
        pages = {664},
          doi = {10.3390/atmos10110664},
archivePrefix = {arXiv},
       eprint = {1911.01191},
 primaryClass = {astro-ph.EP},
       adsurl = {https://ui.adsabs.harvard.edu/abs/2019Atmos..10..664P},
      adsnote = {Provided by the SAO/NASA Astrophysics Data System}
}

@ARTICLE{Poser24,
       author = {{Poser}, Anna Julia and {Redmer}, Ronald},
        title = "{The effect of cloudy atmospheres on the thermal evolution of warm giant planets from an interior modelling perspective}",
      journal = {Monthly Notices of the Royal Astronomical Society},
     keywords = {planets and satellites: atmospheres, planets and satellites: gaseous planets, planets and satellites: individual: (WASP-10b, TOI-1268b), planets and satellites: interiors, Astrophysics - Earth and Planetary Astrophysics},
         year = 2024,
        month = apr,
       volume = {529},
       number = {3},
        pages = {2242-2257},
          doi = {10.1093/mnras/stae645},
archivePrefix = {arXiv},
       eprint = {2402.19466},
 primaryClass = {astro-ph.EP},
       adsurl = {https://ui.adsabs.harvard.edu/abs/2024MNRAS.529.2242P},
      adsnote = {Provided by the SAO/NASA Astrophysics Data System}
}

@ARTICLE{Linder18,
       author = {{Linder}, Esther F. and {Mordasini}, Christoph and {Molli{\`e}re}, Paul and {Marleau}, Gabriel-Dominique and {Malik}, Matej and {Quanz}, Sascha P. and {Meyer}, Michael R.},
        title = "{Evolutionary models of cold and low-mass planets: cooling curves, magnitudes, and detectability}",
      journal = {Astronomy \& Astrophysics},
     keywords = {planets and satellites: physical evolution, planets and satellites: atmospheres, planets and satellites: detection, Astrophysics - Earth and Planetary Astrophysics},
         year = 2019,
        month = mar,
       volume = {623},
          eid = {A85},
        pages = {A85},
          doi = {10.1051/0004-6361/201833873},
archivePrefix = {arXiv},
       eprint = {1812.02027},
 primaryClass = {astro-ph.EP},
       adsurl = {https://ui.adsabs.harvard.edu/abs/2019A&A...623A..85L},
      adsnote = {Provided by the SAO/NASA Astrophysics Data System}
}

@ARTICLE{LF14,
       author = {{Lopez}, Eric D. and {Fortney}, Jonathan J.},
        title = {Understanding the Mass-Radius Relation for Sub-neptunes: Radius as a Proxy for Composition},
      journal = {The Astrophysical Journal},
     keywords = {planets and satellites: composition, planets and satellites: formation, planets and satellites: interiors, planets and satellites: physical evolution, Astrophysics - Earth and Planetary Astrophysics},
         year = 2014,
        month = sep,
       volume = {792},
       number = {1},
          eid = {1},
        pages = {1},
          doi = {10.1088/0004-637X/792/1/1},
archivePrefix = {arXiv},
       eprint = {1311.0329},
 primaryClass = {astro-ph.EP},
       adsurl = {https://ui.adsabs.harvard.edu/abs/2014ApJ...792....1L},
      adsnote = {Provided by the SAO/NASA Astrophysics Data System}
}

@ARTICLE{Thorngren16,
       author = {{Thorngren}, Daniel P. and {Fortney}, Jonathan J. and {Murray-Clay}, Ruth A. and {Lopez}, Eric D.},
        title = {The Mass-Metallicity Relation for Giant Planets},
      journal = {The Astrophysical Journal},
     keywords = {planets and satellites: composition, planets and satellites: gaseous planets, planets and satellites: interiors, planets and satellites: physical evolution, Astrophysics - Earth and Planetary Astrophysics},
         year = 2016,
        month = nov,
       volume = {831},
       number = {1},
          eid = {64},
        pages = {64},
          doi = {10.3847/0004-637X/831/1/64},
archivePrefix = {arXiv},
       eprint = {1511.07854},
 primaryClass = {astro-ph.EP},
       adsurl = {https://ui.adsabs.harvard.edu/abs/2016ApJ...831...64T},
      adsnote = {Provided by the SAO/NASA Astrophysics Data System}
}

@ARTICLE{OW13,
       author = {{Owen}, James E. and {Wu}, Yanqin},
        title = {Kepler Planets: A Tale of Evaporation},
      journal = {The Astrophysical Journal},
     keywords = {planets and satellites: composition, planets and satellites: formation, planets and satellites: interiors, planets and satellites: physical evolution, Astrophysics - Earth and Planetary Astrophysics},
         year = 2013,
        month = oct,
       volume = {775},
       number = {2},
          eid = {105},
        pages = {105},
          doi = {10.1088/0004-637X/775/2/105},
archivePrefix = {arXiv},
       eprint = {1303.3899},
 primaryClass = {astro-ph.EP},
       adsurl = {https://ui.adsabs.harvard.edu/abs/2013ApJ...775..105O},
      adsnote = {Provided by the SAO/NASA Astrophysics Data System}
}

@ARTICLE{Molliere15,
       author = {{Molli{\`e}re}, P. and {van Boekel}, R. and {Dullemond}, C. and {Henning}, Th. and {Mordasini}, C.},
        title = {Model Atmospheres of Irradiated Exoplanets: The Influence of Stellar Parameters, Metallicity, and the {C/O} Ratio},
      journal = {The Astrophysical Journal},
     keywords = {methods: numerical, planets and satellites: atmospheres, radiative transfer, Astrophysics - Earth and Planetary Astrophysics},
         year = 2015,
        month = nov,
       volume = {813},
       number = {1},
          eid = {47},
        pages = {47},
          doi = {10.1088/0004-637X/813/1/47},
archivePrefix = {arXiv},
       eprint = {1509.07523},
 primaryClass = {astro-ph.EP},
       adsurl = {https://ui.adsabs.harvard.edu/abs/2015ApJ...813...47M},
      adsnote = {Provided by the SAO/NASA Astrophysics Data System}
}

@ARTICLE{Molliere17,
       author = {{Molli{\`e}re}, P. and {van Boekel}, R. and {Bouwman}, J. and {Henning}, Th. and {Lagage}, P. -O. and {Min}, M.},
        title = "{Observing transiting planets with JWST. Prime targets and their synthetic spectral observations}",
      journal = {Astronomy \& Astrophysics},
     keywords = {methods: numerical, planets and satellites: atmospheres, radiative transfer, Astrophysics - Earth and Planetary Astrophysics},
         year = 2017,
        month = apr,
       volume = {600},
          eid = {A10},
        pages = {A10},
          doi = {10.1051/0004-6361/201629800},
archivePrefix = {arXiv},
       eprint = {1611.08608},
 primaryClass = {astro-ph.EP},
       adsurl = {https://ui.adsabs.harvard.edu/abs/2017A&A...600A..10M},
      adsnote = {Provided by the SAO/NASA Astrophysics Data System}
}

@PHDTHESIS{Brugger_phd_thesis,
url = "http://www.theses.fr/2018AIXM0324",
title = "Structure interne et minéralogie des exoplanètes terrestres de faible masse",
author = {{Brugger}, B.},
year = "2018",
note = "Thèse de doctorat dirigée par Mousis, Olivier et Deleuil, Magali Astrophysique et Cosmologie Aix-Marseille 2018",
note = "2018AIXM0324",
url = "http://www.theses.fr/2018AIXM0324/document",
}

@ARTICLE{Brugger16,
       author = {{Brugger}, B. and {Mousis}, O. and {Deleuil}, M. and {Lunine}, J.~I.},
        title = {Possible Internal Structures and Compositions of {Proxima Centauri b}},
      journal = {The Astrophysical Journal Letters},
     keywords = {Earth, planets and satellites: composition, planets and satellites: individual: Proxima Centauri b, planets and satellites: interiors, Astrophysics - Earth and Planetary Astrophysics},
         year = 2016,
        month = nov,
       volume = {831},
       number = {2},
          eid = {L16},
        pages = {L16},
          doi = {10.3847/2041-8205/831/2/L16},
archivePrefix = {arXiv},
       eprint = {1609.09757},
 primaryClass = {astro-ph.EP},
       adsurl = {https://ui.adsabs.harvard.edu/abs/2016ApJ...831L..16B},
      adsnote = {Provided by the SAO/NASA Astrophysics Data System}
}

@ARTICLE{Brugger17,
       author = {{Brugger}, B. and {Mousis}, O. and {Deleuil}, M. and {Deschamps}, F.},
        title = {Constraints on Super-{Earth} Interiors from Stellar Abundances},
      journal = {The Astrophysical Journal},
     keywords = {Earth, planets and satellites: composition, planets and satellites: individual: CoRoT-7b, Kepler-10b, Proxima Centauri b, planets and satellites: interiors, Astrophysics - Earth and Planetary Astrophysics},
         year = 2017,
        month = nov,
       volume = {850},
       number = {1},
          eid = {93},
        pages = {93},
          doi = {10.3847/1538-4357/aa965a},
archivePrefix = {arXiv},
       eprint = {1710.09776},
 primaryClass = {astro-ph.EP},
       adsurl = {https://ui.adsabs.harvard.edu/abs/2017ApJ...850...93B},
      adsnote = {Provided by the SAO/NASA Astrophysics Data System}
}

@ARTICLE{Mousis20,
       author = {{Mousis}, Olivier and {Deleuil}, Magali and {Aguichine}, Artyom and {Marcq}, Emmanuel and {Naar}, Joseph and {Aguirre}, Lorena Acu{\~n}a and {Brugger}, Bastien and {Gon{\c{c}}alves}, Thomas},
        title = {Irradiated Ocean Planets Bridge Super-{Earth} and Sub-{Neptune} Populations},
      journal = {The Astrophysical Journal Letters},
     keywords = {Exoplanets, Hydrosphere, Planetary interior, Planetary theory, Exoplanet astronomy, Exoplanet structure, 498, 770, 1248, 1258, 486, 495, Astrophysics - Earth and Planetary Astrophysics},
         year = 2020,
        month = jun,
       volume = {896},
       number = {2},
          eid = {L22},
        pages = {L22},
          doi = {10.3847/2041-8213/ab9530},
archivePrefix = {arXiv},
       eprint = {2002.05243},
 primaryClass = {astro-ph.EP},
       adsurl = {https://ui.adsabs.harvard.edu/abs/2020ApJ...896L..22M},
      adsnote = {Provided by the SAO/NASA Astrophysics Data System}
}

@ARTICLE{Aguichine21,
       author = {{Aguichine}, Artyom and {Mousis}, Olivier and {Deleuil}, Magali and {Marcq}, Emmanuel},
        title = {Mass-Radius Relationships for Irradiated Ocean Planets},
      journal = {The Astrophysical Journal},
     keywords = {Exoplanets, Hydrosphere, Planetary interior, Planetary theory, Exoplanet astronomy, Exoplanet structure, Computational methods, 498, 770, 1248, 1258, 486, 495, 1965, Astrophysics - Earth and Planetary Astrophysics},
         year = 2021,
        month = jun,
       volume = {914},
       number = {2},
          eid = {84},
        pages = {84},
          doi = {10.3847/1538-4357/abfa99},
archivePrefix = {arXiv},
       eprint = {2105.01102},
 primaryClass = {astro-ph.EP},
       adsurl = {https://ui.adsabs.harvard.edu/abs/2021ApJ...914...84A},
      adsnote = {Provided by the SAO/NASA Astrophysics Data System}
}

@ARTICLE{Vivien22,
       author = {{Vivien}, H.~G. and {Aguichine}, A. and {Mousis}, O. and {Deleuil}, M. and {Marcq}, E.},
        title = {On the Stability of Low-mass Planets with Supercritical Hydrospheres},
      journal = {The Astrophysical Journal},
     keywords = {Exoplanet astronomy, Exoplanet structure, Exoplanet atmospheric composition, Planetary structure, 486, 495, 2021, 1256, Astrophysics - Earth and Planetary Astrophysics},
         year = 2022,
        month = jun,
       volume = {931},
       number = {2},
          eid = {143},
        pages = {143},
          doi = {10.3847/1538-4357/ac66e2},
archivePrefix = {arXiv},
       eprint = {2204.07451},
 primaryClass = {astro-ph.EP},
       adsurl = {https://ui.adsabs.harvard.edu/abs/2022ApJ...931..143V},
      adsnote = {Provided by the SAO/NASA Astrophysics Data System}
}

@ARTICLE{Acuna21,
       author = {{Acu{\~n}a}, L. and {Deleuil}, M. and {Mousis}, O. and {Marcq}, E. and {Levesque}, M. and {Aguichine}, A.},
        title = "{Characterisation of the hydrospheres of TRAPPIST-1 planets}",
      journal = {Astronomy \& Astrophysics},
     keywords = {planets and satellites: interiors, planets and satellites: composition, planets and satellites: atmospheres, planets and satellites: individual: TRAPPIST-1, methods: statistical, methods: numerical, Astrophysics - Earth and Planetary Astrophysics},
         year = 2021,
        month = mar,
       volume = {647},
          eid = {A53},
        pages = {A53},
          doi = {10.1051/0004-6361/202039885},
archivePrefix = {arXiv},
       eprint = {2101.08172},
 primaryClass = {astro-ph.EP},
       adsurl = {https://ui.adsabs.harvard.edu/abs/2021A&A...647A..53A},
      adsnote = {Provided by the SAO/NASA Astrophysics Data System}
}

@ARTICLE{Acuna22,
       author = {{Acu{\~n}a}, L. and {Lopez}, T.~A. and {Morel}, T. and {Deleuil}, M. and {Mousis}, O. and {Aguichine}, A. and {Marcq}, E. and {Santerne}, A.},
        title = "{Water content trends in K2-138 and other low-mass multi-planetary systems}",
      journal = {Astronomy \& Astrophysics},
     keywords = {stars: abundances, stars: individual: K2-138, planets and satellites: interiors, planets and satellites: composition, planets and satellites: individual: K2-138, methods: numerical, Astrophysics - Earth and Planetary Astrophysics},
         year = 2022,
        month = apr,
       volume = {660},
          eid = {A102},
        pages = {A102},
          doi = {10.1051/0004-6361/202142374},
archivePrefix = {arXiv},
       eprint = {2201.11532},
 primaryClass = {astro-ph.EP},
       adsurl = {https://ui.adsabs.harvard.edu/abs/2022A&A...660A.102A},
      adsnote = {Provided by the SAO/NASA Astrophysics Data System}
}

@ARTICLE{Acuna23,
       author = {{Acu{\~n}a}, L. and {Deleuil}, M. and {Mousis}, O.},
        title = "{Interior-atmosphere modelling to assess the observability of rocky planets with JWST}",
      journal = {Astronomy \& Astrophysics},
     keywords = {planets and satellites: atmospheres, planets and satellites: interiors, planets and satellites: composition, planets and satellites: individual: TRAPPIST-1 c, planets and satellites: individual: 55 Cnc e, methods: numerical, Astrophysics - Earth and Planetary Astrophysics},
         year = 2023,
        month = sep,
       volume = {677},
          eid = {A14},
        pages = {A14},
          doi = {10.1051/0004-6361/202245736},
archivePrefix = {arXiv},
       eprint = {2305.01250},
 primaryClass = {astro-ph.EP},
       adsurl = {https://ui.adsabs.harvard.edu/abs/2023A&A...677A..14A},
      adsnote = {Provided by the SAO/NASA Astrophysics Data System}
}

@article{sesame,
  author={Lyon, Stanford P},
  title={Sesame: the {Los Alamos National Laboratory} equation of state database},  
  journal={Los Alamos National Laboratory report LA-UR-92-3407},
  year={1992}
}

@ARTICLE{Miguel22,
       author = {{Miguel}, Y. and {Bazot}, M. and {Guillot}, T. and {Howard}, S. and {Galanti}, E. and {Kaspi}, Y. and {Hubbard}, W.~B. and {Militzer}, B. and {Helled}, R. and {Atreya}, S.~K. and {Connerney}, J.~E.~P. and {Durante}, D. and {Kulowski}, L. and {Lunine}, J.~I. and {Stevenson}, D. and {Bolton}, S.},
        title = "{Jupiter's inhomogeneous envelope}",
      journal = {Astronomy \& Astrophysics},
     keywords = {planets and satellites: interiors, planets and satellites: gaseous planets, planets and satellites: formation, planets and satellites: composition, Astrophysics - Earth and Planetary Astrophysics, Astrophysics - Solar and Stellar Astrophysics},
         year = 2022,
        month = jun,
       volume = {662},
          eid = {A18},
        pages = {A18},
          doi = {10.1051/0004-6361/202243207},
archivePrefix = {arXiv},
       eprint = {2203.01866},
 primaryClass = {astro-ph.EP},
       adsurl = {https://ui.adsabs.harvard.edu/abs/2022A&A...662A..18M},
      adsnote = {Provided by the SAO/NASA Astrophysics Data System}
}

@ARTICLE{Mazevet19,
       author = {{Mazevet}, S. and {Licari}, A. and {Chabrier}, G. and {Potekhin}, A.~Y.},
        title = "{Ab initio based equation of state of dense water for planetary and exoplanetary modeling}",
      journal = {Astronomy \& Astrophysics},
     keywords = {equation of state, planets and satellites: interiors, planets and satellites: general, Astrophysics - Earth and Planetary Astrophysics},
         year = 2019,
        month = jan,
       volume = {621},
          eid = {A128},
        pages = {A128},
          doi = {10.1051/0004-6361/201833963},
archivePrefix = {arXiv},
       eprint = {1810.05658},
 primaryClass = {astro-ph.EP},
       adsurl = {https://ui.adsabs.harvard.edu/abs/2019A&A...621A.128M},
      adsnote = {Provided by the SAO/NASA Astrophysics Data System}
}

@ARTICLE{Chabrier21,
       author = {{Chabrier}, Gilles and {Debras}, Florian},
        title = {A New Equation of State for Dense Hydrogen-Helium Mixtures. II. Taking into Account Hydrogen-Helium Interactions},
      journal = {The Astrophysical Journal},
     keywords = {Brown dwarfs, Stellar physics, 185, 1621, Astrophysics - Solar and Stellar Astrophysics, Astrophysics - Earth and Planetary Astrophysics, Physics - Chemical Physics},
         year = 2021,
        month = aug,
       volume = {917},
       number = {1},
          eid = {4},
        pages = {4},
          doi = {10.3847/1538-4357/abfc48},
archivePrefix = {arXiv},
       eprint = {2107.04434},
 primaryClass = {astro-ph.SR},
       adsurl = {https://ui.adsabs.harvard.edu/abs/2021ApJ...917....4C},
      adsnote = {Provided by the SAO/NASA Astrophysics Data System}
}

@ARTICLE{HG23,
       author = {{Howard}, S. and {Guillot}, T.},
        title = "{Accounting for non-ideal mixing effects in the hydrogen-helium equation of state}",
      journal = {Astronomy \& Astrophysics},
     keywords = {planets and satellites: interiors, planets and satellites: gaseous planets, planets and satellites: composition, planets and satellites: individual: Jupiter, equation of state, Astrophysics - Earth and Planetary Astrophysics},
         year = 2023,
        month = apr,
       volume = {672},
          eid = {L1},
        pages = {L1},
          doi = {10.1051/0004-6361/202244851},
archivePrefix = {arXiv},
       eprint = {2302.07902},
 primaryClass = {astro-ph.EP},
       adsurl = {https://ui.adsabs.harvard.edu/abs/2023A&A...672L...1H},
      adsnote = {Provided by the SAO/NASA Astrophysics Data System}
}


@ARTICLE{Haldemann20,
       author = {{Haldemann}, Jonas and {Alibert}, Yann and {Mordasini}, Christoph and {Benz}, Willy},
        title = "{AQUA: a collection of H$_{2}$O equations of state for planetary models}",
      journal = {Astronomy \& Astrophysics},
     keywords = {equation of state, planets and satellites: interiors, methods: numerical, Astrophysics - Earth and Planetary Astrophysics},
         year = 2020,
        month = nov,
       volume = {643},
          eid = {A105},
        pages = {A105},
          doi = {10.1051/0004-6361/202038367},
archivePrefix = {arXiv},
       eprint = {2009.10098},
 primaryClass = {astro-ph.EP},
       adsurl = {https://ui.adsabs.harvard.edu/abs/2020A&A...643A.105H},
      adsnote = {Provided by the SAO/NASA Astrophysics Data System}
}


@ARTICLE{gastli_science,
       author = {{Acu{\~n}a}, L. and {Kreidberg}, L. and {Zhai}, M. and {Molli{\`e}re}, P.},
        title = "{GASTLI. An open-source coupled interior-atmosphere model to unveil gas-giant composition}",
      journal = {Astronomy \& Astrophysics},
     keywords = {methods: numerical, planets and satellites: atmospheres, planets and satellites: composition, planets and satellites: interiors, planets and satellites: individual: HAT-P-26 b, Astrophysics - Earth and Planetary Astrophysics, Astrophysics - Instrumentation and Methods for Astrophysics},
         year = 2024,
        month = aug,
       volume = {688},
          eid = {A60},
        pages = {A60},
          doi = {10.1051/0004-6361/202450559},
archivePrefix = {arXiv},
       eprint = {2406.10032},
 primaryClass = {astro-ph.EP},
       adsurl = {https://ui.adsabs.harvard.edu/abs/2024A&A...688A..60A},
      adsnote = {Provided by the SAO/NASA Astrophysics Data System}
}

@ARTICLE{Fortney13,
       author = {{Fortney}, Jonathan J. and {Mordasini}, Christoph and {Nettelmann}, Nadine and {Kempton}, Eliza M. -R. and {Greene}, Thomas P. and {Zahnle}, Kevin},
        title = {A Framework for Characterizing the Atmospheres of Low-mass Low-density Transiting Planets},
      journal = {The Astrophysical Journal},
     keywords = {planets and satellites: atmospheres, planets and satellites: composition, planets and satellites: formation, Astrophysics - Earth and Planetary Astrophysics},
         year = 2013,
        month = sep,
       volume = {775},
       number = {1},
          eid = {80},
        pages = {80},
          doi = {10.1088/0004-637X/775/1/80},
archivePrefix = {arXiv},
       eprint = {1306.4329},
 primaryClass = {astro-ph.EP},
       adsurl = {https://ui.adsabs.harvard.edu/abs/2013ApJ...775...80F},
      adsnote = {Provided by the SAO/NASA Astrophysics Data System}
}
