@article{chegini2021hyriver,
    author = {Chegini, Taher and Li, Hong-Yi and Leung, L. Ruby},
    doi = {10.21105/joss.03175},
    journal = {Journal of Open Source Software},
    month = {10},
    number = {66},
    pages = {1--3},
    title = {{HyRiver: Hydroclimate Data Retriever}},
    volume = {6},
    year = {2021}
}

@article{eilander2023hydromt,
    doi = {10.21105/joss.04897},
    url = {https://doi.org/10.21105/joss.04897},
    year = {2023},
    publisher = {The Open Journal},
    volume = {8},
    number = {83},
    pages = {4897},
    author = {Dirk Eilander and Hélène Boisgontier and Laurène J. e. Bouaziz and Joost Buitink and Anaïs Couasnon and Brendan Dalmijn and Mark Hegnauer and Tjalling de Jong and Sibren Loos and Indra Marth and Willem van Verseveld},
    title = {HydroMT: Automated and reproducible model building and analysis},
    journal = {Journal of Open Source Software}
}

@article{chawanda2020user,
    title={User-friendly workflows for catchment modelling: Towards reproducible SWAT+ model studies},
    volume={134},
    ISSN={1364-8152},
    url={http://dx.doi.org/10.1016/j.envsoft.2020.104812},
    DOI={10.1016/j.envsoft.2020.104812},
    journal={Environmental Modelling & Software},
    publisher={Elsevier BV},
    author={Chawanda, Celray James and George, Chris and Thiery, Wim and Griensven, Ann van and Tech, Jaclyn and Arnold, Jeffrey and Srinivasan, Raghavan},
    year={2020},
    month=dec,
    pages={104812}
}

@article{wilkinson2016fair,
  title={The FAIR Guiding Principles for scientific data management and stewardship},
  author={Wilkinson, Mark D and Dumontier, Michel and Aalbersberg, IJsbrand Jan and Appleton, Gabrielle and Axton, Myles and Baak, Arie and Blomberg, Niklas and Boiten, Jan-Willem and da Silva Santos, Luiz Bonino and Bourne, Philip E and others},
  journal={Scientific data},
  volume={3},
  number={1},
  pages={1--9},
  year={2016},
  publisher={Nature Publishing Group},
  doi={10.1038/sdata.2016.18}
}
