@article{torchapp,
    AUTHOR = {Robert Turnbull},
    TITLE = {{TorchApp: A wrapper for torch projects to create easy command-line interfaces and manage hyper-parameter tuning}},
    JOURNAL = {TBD},
    YEAR = {2025 (in prep)},
}
